@article{She2013,
    title={禁圍棋程式設計與研究},
    author={佘博玄 and 吳毅成},
    journal={http://hdl.handle.net/11536/73344},
    year={2013},
    url={https://ir.nctu.edu.tw/handle/11536/73344},
}

@ARTICLE{5654650,  author={Soejima, Yusuke and Kishimoto, Akihiro and Watanabe, Osamu},  journal={IEEE Transactions on Computational Intelligence and AI in Games},   title={Evaluating Root Parallelization in Go},   year={2010},  volume={2},  number={4},  pages={278-287},  doi={10.1109/TCIAIG.2010.2096427}}